{1:F01BREXPLPWXXX0000000000}{2:O9400000000000000000000000000000000000000N}{4:
:20:STMT20260301
:25:PL61109010140000071219812874
:28C:00001/001
:60F:C260301PLN50000,00
:61:2603010301D1230,00NTRFNONREF//FV/2026/03/001
:86:020~00Przelew wychodzacy~20FV/2026/03/001~27TECHSOLUTIONS SP Z OO~28UL MARSZALKOWSKA 10~29WARSZAWA~30BIGBPLPW~31PL27114020040000300201355387~32TECHSOLUTIONS SP Z OO~33UL MARSZALKOWSKA 10~38NIP5213456784
:61:2603020302D4500,00NTRFNONREF//FV/2026/02/015
:86:020~00Przelew wychodzacy~20FV/2026/02/015~27DIGITAL MEDIA GROUP SA~28UL DLUGA 5/3~29KRAKOW~30ALBPPLPW~31PL98124059681111001028462839~32DIGITAL MEDIA GROUP SA~38NIP6781234567
:61:2603030303C15000,00NTRFNONREF//FV/2026/03/002
:86:020~00Przelew przychodzacy~20FV/2026/03/002~27BUDIMEX SA~28UL STAWKI 40~29WARSZAWA~30PKOPPLPW~31PL60102019130000210200178562~32BUDIMEX SA~38NIP5261003187
:61:2603050305D890,50NTRFNONREF//ZAL-2026-001
:86:020~00Przelew wychodzacy~20Zaliczka marzec~27JAN KOWALSKI~28UL POLNA 15~29POZNAN~30INGBPLPW~31PL54105014451000009032567890~32JAN KOWALSKI
:61:2603100310D7800,00NTRFNONREF//FV/2026/03/003
:86:020~00Przelew wychodzacy~20FV/2026/03/003 uslugi IT~27CLOUDWARE SP Z OO~28UL PULASKIEGO 8~29WROCLAW~30WBKPPLPP~31PL15109028370000000146012396~32CLOUDWARE SP Z OO~38NIP8971234561
:61:2603150315C22500,00NTRFNONREF//KSeF:1234567890-20260315-ABC123DEF456
:86:020~00Przelew przychodzacy~20Zaplata za FV/2026/03/005~27ORLEN SA~28UL CHEMIKOW 7~29PLOCK~30PKOPPLPW~31PL83101010230000261395100000~32ORLEN SA~38NIP7740001454
:62F:C260315PLN73079,50
-}
